<?xml version="1.0" encoding="UTF-8"?><collection xmlns="http://www.loc.gov/MARC21/slim"><record><leader>00389nam--2200157-i-4500</leader><controlfield tag="001">000039080</controlfield><controlfield tag="002">20161230</controlfield><controlfield tag="005">20170109002527</controlfield><controlfield tag="008">060222s1000------------r-----000-0-eng-d</controlfield><datafield ind1=" " ind2=" " tag="080"><subfield code="a">532.135</subfield></datafield><datafield ind1=" " ind2=" " tag="245"><subfield code="a">Rheology. Theory and applications</subfield></datafield><datafield ind1=" " ind2=" " tag="260"><subfield code="a">New York</subfield><subfield code="b">Acad. Press</subfield><subfield code="c">1956</subfield></datafield><datafield ind1=" " ind2=" " tag="300"><subfield code="a">XV + 645p</subfield></datafield><datafield ind1=" " ind2=" " tag="700"><subfield code="a">Eirich, Frederick R</subfield></datafield><datafield ind1=" " ind2=" " tag="852"><subfield code="a">12082</subfield></datafield><datafield ind1=" " ind2=" " tag="CAT"><subfield code="a">SYS</subfield><subfield code="c">20170109</subfield><subfield code="h">002527</subfield></datafield></record></collection>